@article{european2018air,
  title={Air Quality in Europe 2018},
  author={European Environment Agency},
  journal={Report No. 12/2018},
  year={2018}
}
@article{burkart2007diffuse,
  title={Diffuse pollution from intensive agriculture: sustainability, challenges, and opportunities},
  author={Burkart, MR},
  journal={Water science and technology},
  volume={55},
  number={3},
  pages={17--23},
  year={2007},
  publisher={IWA Publishing}
}
@article{kamolov2021feature,
  title={Feature selection: state-of-the-art survey},
  author={Kamolov, Saidjon},
  journal={Annals of Mathematics and Computer Science},
  volume={4},
  pages={48--54},
  year={2021}
}
@article{degrave2021ai,
  title={AI for radiographic COVID-19 detection selects shortcuts over signal},
  author={DeGrave, Alex J and Janizek, Joseph D and Lee, Su-In},
  journal={Nature Machine Intelligence},
  volume={3},
  number={7},
  pages={610--619},
  year={2021},
  publisher={Nature Publishing Group}
}
@incollection{stanczyk2015feature,
  title={Feature evaluation by filter, wrapper, and embedded approaches},
  author={Sta{\'n}czyk, Urszula},
  booktitle={Feature Selection for Data and Pattern Recognition},
  pages={29--44},
  year={2015},
  publisher={Springer}
}
@article{liu2018improve,
  title={Improve ground-level PM2. 5 concentration mapping using a random forests-based geostatistical approach},
  author={Liu, Ying and Cao, Guofeng and Zhao, Naizhuo and Mulligan, Kevin and Ye, Xinyue},
  journal={Environmental Pollution},
  volume={235},
  pages={272--282},
  year={2018},
  publisher={Elsevier}
}
@article{zhang2018strategy,
  title={A strategy to apply machine learning to small datasets in materials science},
  author={Zhang, Ying and Ling, Chen},
  journal={Npj Computational Materials},
  volume={4},
  number={1},
  pages={1--8},
  year={2018},
  publisher={Nature Publishing Group}
}
@inproceedings{taunk2019brief,
  title={A brief review of nearest neighbor algorithm for learning and classification},
  author={Taunk, Kashvi and De, Sanjukta and Verma, Srishti and Swetapadma, Aleena},
  booktitle={2019 International Conference on Intelligent Computing and Control Systems (ICCS)},
  pages={1255--1260},
  year={2019},
  organization={IEEE}
}
@book{wright2003radial,
  title={Radial basis function interpolation: numerical and analytical developments},
  author={Wright, Grady Barrett},
  year={2003},
  publisher={University of Colorado at Boulder}
}
@article{shanker1996effect,
  title={Effect of data standardization on neural network training},
  author={Shanker, Murali and Hu, Michael Y and Hung, Ming S},
  journal={Omega},
  volume={24},
  number={4},
  pages={385--397},
  year={1996},
  publisher={Elsevier}
}
@book{kuhn2013applied,
  title={Applied predictive modeling},
  author={Kuhn, Max and Johnson, Kjell and others},
  volume={26},
  year={2013},
  publisher={Springer}
}
@inproceedings{daoud2017multicollinearity,
  title={Multicollinearity and regression analysis},
  author={Daoud, Jamal I},
  booktitle={Journal of Physics: Conference Series},
  volume={949},
  number={1},
  pages={012009},
  year={2017},
  organization={IOP Publishing}
}
@article{saeys2007review,
  title={A review of feature selection techniques in bioinformatics},
  author={Saeys, Yvan and Inza, Inaki and Larranaga, Pedro},
  journal={bioinformatics},
  volume={23},
  number={19},
  pages={2507--2517},
  year={2007},
  publisher={Oxford University Press}
}
@article{sarkar2014robust,
  title={Robust feature selection technique using rank aggregation},
  author={Sarkar, Chandrima and Cooley, Sarah and Srivastava, Jaideep},
  journal={Applied Artificial Intelligence},
  volume={28},
  number={3},
  pages={243--257},
  year={2014},
  publisher={Taylor \& Francis}
}
@article{borda1784memoire,
  title={M{\'e}moire sur les {\'e}lections au scrutin},
  author={Borda, JC de},
  journal={Histoire de l'Academie Royale des Sciences pour 1781 (Paris, 1784)},
  year={1784}
}
@ARTICLE{9141213,  author={Guo, Weisi},  journal={IEEE Communications Magazine},   title={Explainable Artificial Intelligence for 6G: Improving Trust between Human and Machine},   year={2020},  volume={58},  number={6},  pages={39-45},  doi={10.1109/MCOM.001.2000050}}

@article{bontempi2022analysis,
  title={Analysis of the lockdown effects due to the COVID-19 on air pollution in Brescia (Lombardy)},
  author={Bontempi, Elza and Carnevale, Claudio and Cornelio, Antonella and Volta, Marialuisa and Zanoletti, Alessandra},
  journal={Environmental Research},
  volume={212},
  pages={113193},
  year={2022},
  publisher={Elsevier}
}
@article{zhou2016concentrations,
  title={Concentrations, correlations and chemical species of PM2. 5/PM10 based on published data in China: potential implications for the revised particulate standard},
  author={Zhou, Xuehua and Cao, Zhaoyu and Ma, Yujie and Wang, Linpeng and Wu, Ruidong and Wang, Wenxing},
  journal={Chemosphere},
  volume={144},
  pages={518--526},
  year={2016},
  publisher={Elsevier}
}
@article{maranzano2022air,
  title={Air Quality in Lombardy, Italy: An Overview of the Environmental Monitoring System of ARPA Lombardia},
  author={Maranzano, Paolo},
  journal={Earth},
  volume={3},
  number={1},
  pages={172--203},
  year={2022},
  publisher={MDPI}
}
@article{cichowicz2017dispersion,
  title={Dispersion of atmospheric air pollution in summer and winter season},
  author={Cichowicz, Robert and Wielgosi{\'n}ski, Grzegorz and Fetter, Wojciech},
  journal={Environmental monitoring and assessment},
  volume={189},
  number={12},
  pages={1--10},
  year={2017},
  publisher={Springer}
}
@article{li2015particulate,
  title={Particulate matters pollution characteristic and the correlation between PM (PM 2.5, PM 10) and meteorological factors during the summer in Shijiazhuang},
  author={Li, Han and Guo, Bin and Han, Mengfei and Tian, Miao and Zhang, Jin and others},
  journal={Journal of Environmental Protection},
  volume={6},
  number={05},
  pages={457},
  year={2015},
  publisher={Scientific Research Publishing}
}
@article{biglari2017relationship,
  title={Relationship between air particulate matter and meteorological parameters},
  author={Biglari, Hamed and Geravandi, Sahar and Mohammadi, Mohammad Javad and Porazmey, Elaheh Jame and Chuturkova, Rozalina Zlateva and Khaniabadi, Yusef Omidi and Goudarzi, Gholamreza and Mahboubi, Mohammad and Mohammadi, Basir and Yari, Ahmad Reza},
  journal={Fresenius Environ Bull},
  volume={26},
  number={6},
  pages={4047--56},
  year={2017}
}
@article{chen2019temporal,
  title={Temporal and spatial features of the correlation between PM2. 5 and O3 concentrations in China},
  author={Chen, Jiajia and Shen, Huanfeng and Li, Tongwen and Peng, Xiaolin and Cheng, Hairong and Ma, Chenyan},
  journal={International Journal of Environmental Research and Public Health},
  volume={16},
  number={23},
  pages={4824},
  year={2019},
  publisher={MDPI}
}
@article{zhu2015sources,
  title={Sources and impacts of atmospheric NH3: Current understanding and frontiers for modeling, measurements, and remote sensing in North America},
  author={Zhu, Liye and Henze, Daven K and Bash, Jesse O and Cady-Pereira, Karen E and Shephard, Mark W and Luo, Ming and Capps, Shannon L},
  journal={Current Pollution Reports},
  volume={1},
  number={2},
  pages={95--116},
  year={2015},
  publisher={Springer}
}
@article{saggar2004review,
  title={A review of emissions of methane, ammonia, and nitrous oxide from animal excreta deposition and farm effluent application in grazed pastures},
  author={Saggar, Surinder and Bolan, NS and Bhandral, R and Hedley, CB and Luo, J},
  journal={New Zealand Journal of Agricultural Research},
  volume={47},
  number={4},
  pages={513--544},
  year={2004},
  publisher={Taylor \& Francis}
}
@article{zhu2019correlations,
  title={Correlations between PM2. 5 and ozone over China and associated underlying reasons},
  author={Zhu, Jia and Chen, Lei and Liao, Hong and Dang, Ruijun},
  journal={Atmosphere},
  volume={10},
  number={7},
  pages={352},
  year={2019},
  publisher={MDPI}
}
@article{goebes2003ammonia,
  title={An ammonia emission inventory for fertilizer application in the United States},
  author={Goebes, Marian Diaz and Strader, Ross and Davidson, Cliff},
  journal={Atmospheric Environment},
  volume={37},
  number={18},
  pages={2539--2550},
  year={2003},
  publisher={Elsevier}
}
@article{zellner2000john,
  title={John H. Seinfeld and Spyros N. Pandis: atmospheric chemistry and physics, from air pollution to climate change},
  author={Zellner, R},
  journal={Journal of Atmospheric Chemistry},
  volume={37},
  number={2},
  pages={212--214},
  year={2000},
  publisher={Springer}
}
@article{riccio2007seeking,
  title={Seeking for the rational basis of the median model: the optimal combination of multi-model ensemble results},
  author={Riccio, A and Giunta, G and Galmarini, S},
  journal={Atmospheric Chemistry and Physics},
  volume={7},
  number={24},
  pages={6085--6098},
  year={2007},
  publisher={Copernicus GmbH}
}
@article{garcia2016big,
  title={Big data preprocessing: methods and prospects},
  author={Garc{\'\i}a, Salvador and Ram{\'\i}rez-Gallego, Sergio and Luengo, Juli{\'a}n and Ben{\'\i}tez, Jos{\'e} Manuel and Herrera, Francisco},
  journal={Big Data Analytics},
  volume={1},
  number={1},
  pages={1--22},
  year={2016},
  publisher={BioMed Central}
}
@article{zhang2019orchestrating,
  title={Orchestrating big data analytics capability for sustainability: A study of air pollution management in China},
  author={Zhang, Dan and Pan, Shan L and Yu, Jiaxin and Liu, Wenyuan},
  journal={Information \& Management},
  pages={103231},
  year={2019},
  publisher={Elsevier}
}
@article{morocho2019machine,
  title={Machine learning for 5G/B5G mobile and wireless communications: Potential, limitations, and future directions},
  author={Morocho-Cayamcela, Manuel Eugenio and Lee, Haeyoung and Lim, Wansu},
  journal={IEEE access},
  volume={7},
  pages={137184--137206},
  year={2019},
  publisher={IEEE}
}

@misc{WHOreport,
  author = {WHO - World Health Organization},
  title = {Billions of people still breathe unhealthy air: new WHO data},
  year = 2022,
  note = {https://www.who.int/news/item/04-04-2022-billions-of-people-still-breathe-unhealthy-air-new-who-data},

}
@misc{camsobs,
  author = {Copernicus - Atmosphere Monitoring Services},
  title = {FORECAST PERFORMANCE AT STATION AND COUNTRY LEVEL},
  year = 2022,
  note = {https://regional.atmosphere.copernicus.eu/evaluation.php?interactive=cdf},
}
@misc{esasensor,
title = {Air Quality Platform},
author = {ESA (European Space Agency)},
year = 2019,
note = {https://aqp.eo.esa.int/aqstation/},
}
@article{siegel2019ice,
  title={Why Ice Cream Is Linked to Shark Attacks--Correlation/Causation Smackdown},
  author={Siegel, Eric},
  year={2019}
}
@misc{shark-icecream,
title = {Confounding Variable and Spurious Correlation: Key Challenge in Making Causal Inference},
author = {Vivekananda Das},
year = 2020,
note = {https://vivdas.medium.com/confounding-variable-and-spurious-correlation-key-challenge-in-making-causal-inference-4e33d8ba60c2},
}

@article{vabalas2019machine,
  title={Machine learning algorithm validation with a limited sample size},
  author={Vabalas, Andrius and Gowen, Emma and Poliakoff, Ellen and Casson, Alexander J},
  journal={PloS one},
  volume={14},
  number={11},
  pages={e0224365},
  year={2019},
  publisher={Public Library of Science San Francisco, CA USA}
}
@article{viatte2021ammonia,
  title={Ammonia and PM2. 5 air pollution in Paris during the 2020 COVID lockdown},
  author={Viatte, Camille and Petit, Jean-Eudes and Yamanouchi, Shoma and Van Damme, Martin and Doucerain, Carole and Germain-Piaulenne, Emeric and Gros, Val{\'e}rie and Favez, Olivier and Clarisse, Lieven and Coheur, Pierre-Fran{\c{c}}ois and others},
  journal={Atmosphere},
  volume={12},
  number={2},
  pages={160},
  year={2021},
  publisher={MDPI}
}
@article{chu2012does,
  title={Does feature selection improve classification accuracy? Impact of sample size and feature selection on classification using anatomical magnetic resonance images},
  author={Chu, Carlton and Hsu, Ai-Ling and Chou, Kun-Hsien and Bandettini, Peter and Lin, ChingPo and Alzheimer's Disease Neuroimaging Initiative and others},
  journal={Neuroimage},
  volume={60},
  number={1},
  pages={59--70},
  year={2012},
  publisher={Elsevier}
}
@article{xie2015spatiotemporal,
  title={Spatiotemporal variations of PM2. 5 and PM10 concentrations between 31 Chinese cities and their relationships with SO2, NO2, CO and O3},
  author={Xie, Yangyang and Zhao, Bin and Zhang, Lin and Luo, Rong},
  journal={Particuology},
  volume={20},
  pages={141--149},
  year={2015},
  publisher={Elsevier}
}
@article{dai2019concentrations,
  title={Concentrations and emissions of particulate matter and ammonia from extensive livestock farm in South China},
  author={Dai, Chunhao and Huang, Shaojian and Zhou, Yaoyu and Xu, Bin and Peng, Hui and Qin, Pufeng and Wu, Genyi},
  journal={Environmental Science and Pollution Research},
  volume={26},
  number={2},
  pages={1871--1879},
  year={2019},
  publisher={Springer}
}
@article{avrahami2007response,
  title={Response of Nitrosospira sp. strain AF-like ammonia oxidizers to changes in temperature, soil moisture content, and fertilizer concentration},
  author={Avrahami, Sharon and Bohannan, Brendan JM},
  journal={Applied and Environmental Microbiology},
  volume={73},
  number={4},
  pages={1166--1173},
  year={2007},
  publisher={Am Soc Microbiol}
}
@article{kuhn2008building,
  title={Building predictive models in R using the caret package},
  author={Kuhn, Max},
  journal={Journal of statistical software},
  volume={28},
  pages={1--26},
  year={2008}
}
@article{shrestha2020detecting,
  title={Detecting multicollinearity in regression analysis},
  author={Shrestha, Noora},
  journal={American Journal of Applied Mathematics and Statistics},
  volume={8},
  number={2},
  pages={39--42},
  year={2020}
}
@article{forman2003extensive,
  title={An extensive empirical study of feature selection metrics for text classification.},
  author={Forman, George and others},
  journal={J. Mach. Learn. Res.},
  volume={3},
  number={Mar},
  pages={1289--1305},
  year={2003}
}
@article{muvstra2012breast,
  title={Breast density classification using multiple feature selection},
  author={Mu{\v{s}}tra, Mario and Grgi{\'c}, Mislav and Dela{\v{c}}, Kre{\v{s}}imir},
  journal={automatika},
  volume={53},
  number={4},
  pages={362--372},
  year={2012},
  publisher={Taylor \& Francis}
}

@article{dessi2013comparative,
  title={A comparative analysis of biomarker selection techniques},
  author={Dess{\`\i}, Nicoletta and Pascariello, Emanuele and Pes, Barbara},
  journal={BioMed research international},
  volume={2013},
  year={2013},
  publisher={Hindawi}
}
@article{bagherzadeh2016tutorial,
  title={A tutorial on variable selection for clinical prediction models: feature selection methods in data mining could improve the results},
  author={Bagherzadeh-Khiabani, Farideh and Ramezankhani, Azra and Azizi, Fereidoun and Hadaegh, Farzad and Steyerberg, Ewout W and Khalili, Davood},
  journal={Journal of clinical epidemiology},
  volume={71},
  pages={76--85},
  year={2016},
  publisher={Elsevier}
}
@article{ul2022improving,
  title={Improving Air Pollution Prediction Modelling Using Wrapper Feature Selection},
  author={Ul-Saufie, Ahmad Zia and Hamzan, Nurul Haziqah and Zahari, Zulaika and Shaziayani, Wan Nur and Noor, Norazian Mohamad and Zainol, Mohd Remy Rozainy Mohd Arif and Sandu, Andrei Victor and Deak, Gyorgy and Vizureanu, Petrica},
  journal={Sustainability},
  volume={14},
  number={18},
  pages={11403},
  year={2022},
  publisher={MDPI}
}
@article{fuller2022pollution,
  title={Pollution and health: a progress update},
  author={Fuller, Richard and Landrigan, Philip J and Balakrishnan, Kalpana and Bathan, Glynda and Bose-O'Reilly, Stephan and Brauer, Michael and Caravanos, Jack and Chiles, Tom and Cohen, Aaron and Corra, Lilian and others},
  journal={The Lancet Planetary Health},
  year={2022},
  publisher={Elsevier}
}