@article{european2018air,
  title={Air Quality in Europe 2018},
  author={European Environment Agency},
  journal={Report No. 12/2018},
  year={2018}
}
